<?xml version="1.0" encoding="UTF-8"?><collection xmlns="http://www.loc.gov/MARC21/slim"><record><leader>00489nam--2200169-u-4500</leader><controlfield tag="001">000055460</controlfield><controlfield tag="002">20161230</controlfield><controlfield tag="005">20161230201052</controlfield><controlfield tag="008">130212s1000------------r-----000-0-eng-d</controlfield><datafield ind1=" " ind2=" " tag="040"><subfield code="a">IFIN-HH</subfield></datafield><datafield ind1=" " ind2=" " tag="080"><subfield code="a">550.3(038)=20=82</subfield></datafield><datafield ind1="1" ind2=" " tag="100"><subfield code="a">Gusev, B.V</subfield></datafield><datafield ind1="1" ind2="0" tag="245"><subfield code="a">Anglo-russkii slovari po prikladnoi geofizzike</subfield><subfield code="b">English-russiaan dictionary of applied geophysics</subfield><subfield code="c">B.v. gusev</subfield></datafield><datafield ind1=" " ind2=" " tag="260"><subfield code="a">Moskva</subfield><subfield code="b">Russkii Iazik</subfield><subfield code="c">1982</subfield></datafield><datafield ind1=" " ind2=" " tag="300"><subfield code="a">488P</subfield></datafield><datafield ind1=" " ind2=" " tag="852"><subfield code="a">D.592</subfield><subfield code="c">SLG</subfield></datafield><datafield ind1=" " ind2=" " tag="CAT"><subfield code="a">Sys</subfield><subfield code="c">20130212</subfield><subfield code="h">124234</subfield></datafield></record></collection>